<record><leader>00000cas a22000007a 4500</leader><controlfield tag="001">28470349</controlfield><controlfield tag="008">930719d18691870nyuwr ne      0    0eng d</controlfield><datafield ind1=" " ind2=" " tag="010"><subfield code="a">sn 93063912 </subfield></datafield><datafield ind1=" " ind2=" " tag="040"><subfield code="a">NYS</subfield><subfield code="b">eng</subfield><subfield code="c">NYS</subfield><subfield code="d">OCLCQ</subfield><subfield code="d">NYG</subfield><subfield code="d">OCLCF</subfield></datafield><datafield ind1="1" ind2=" " tag="029"><subfield code="a">AU@</subfield><subfield code="b">000025880051</subfield></datafield><datafield ind1=" " ind2=" " tag="042"><subfield code="a">msc</subfield></datafield><datafield ind1="0" ind2=" " tag="130"><subfield code="a">Home and abroad (Oneonta, N.Y.)</subfield></datafield><datafield ind1="0" ind2="0" tag="245"><subfield code="a">Home and abroad.</subfield></datafield><datafield ind1=" " ind2=" " tag="260"><subfield code="a">Oneonta [N.Y.] :</subfield><subfield code="b">G.A. Dodge</subfield></datafield><datafield ind1=" " ind2=" " tag="300"><subfield code="a">v.</subfield></datafield><datafield ind1=" " ind2=" " tag="310"><subfield code="a">Weekly</subfield></datafield><datafield ind1="0" ind2=" " tag="362"><subfield code="a">[Vol. 1, no. 1] (June 5, 1869)-v. 1, no. 44 (Apr. 2, 1870).</subfield></datafield><datafield ind1=" " ind2="0" tag="651"><subfield code="a">Oneonta (N.Y.)</subfield><subfield code="v">Newspapers.</subfield></datafield><datafield ind1=" " ind2="7" tag="655"><subfield code="a">Newspapers.</subfield><subfield code="2">fast</subfield><subfield code="0">(OCoLC)fst01423814</subfield></datafield><datafield ind1=" " ind2="7" tag="651"><subfield code="a">New York (State)</subfield><subfield code="z">Oneonta.</subfield><subfield code="2">fast</subfield><subfield code="0">(OCoLC)fst01205347</subfield></datafield><datafield ind1=" " ind2=" " tag="752"><subfield code="a">United States</subfield><subfield code="b">New York</subfield><subfield code="c">Otsego</subfield><subfield code="d">Oneonta.</subfield></datafield><datafield ind1="0" ind2="0" tag="780"><subfield code="t">Susquehanna independent</subfield><subfield code="w">(DLC)sn 93063911</subfield><subfield code="w">(OCoLC)21919305</subfield></datafield><datafield ind1="0" ind2="0" tag="785"><subfield code="t">Otsego Democrat (Oneonta, N.Y.)</subfield><subfield code="w">(DLC)sn 83031382</subfield><subfield code="w">(OCoLC)9870215</subfield></datafield></record>